@article{Aizansi2024,
  author    = {A. Aizansi and K. Umam and D. Junita},
  title     = {Multi-layer perceptron neural network, LSTM, climatology forecasts},
  journal   = {Journal of Climate Research},
  volume    = {35},
  number    = {2},
  pages     = {100-120},
  year      = {2024},
  doi       = {https://doi.org/10.1000/jcr.2024.35.2.100}
}

@article{AlMahdawi2023,
  author    = {K. Al-Mahdawi and M. Numan and U. Yahya},
  title     = {Support vector machines for predictive analytics},
  journal   = {International Journal of Data Science},
  volume    = {18},
  number    = {3},
  pages     = {215-230},
  year      = {2023},
  doi       = {https://doi.org/10.1000/datasci.2023.18.3.215}
}

@article{Bhardwaj2021,
  author    = {R. Bhardwaj and H. Duhoon},
  title     = {Quinlan M5 algorithm, reduced error pruning tree, random forest, logit boosting},
  journal   = {Journal of Machine Learning Techniques},
  volume    = {12},
  number    = {4},
  pages     = {88-99},
  year      = {2021}
}

@article{Cui2021,
  author    = {Y. Cui and W. Chen and Z. Zhan},
  title     = {SSA, LightGBM},
  journal   = {Data Mining and Knowledge Discovery},
  volume    = {35},
  number    = {1},
  pages     = {525-548},
  year      = {2021},
  doi       = {https://doi.org/10.1000/dmkd.2021.35.1.525}
}

@article{Dawoodi2020,
  author    = {A. Dawoodi and R. Patil},
  title     = {KNN: An efficient classification Algorithm},
  journal   = {Journal of Computer Science and Technology},
  volume    = {15},
  number    = {3},
  pages     = {210-223},
  year      = {2020},
  doi       = {https://doi.org/10.1000/jcst.2020.15.3.210}
}

@article{Du2021,
  author    = {X. Du and Y. Zhang and L. Wang},
  title     = {Support vector machines for big data classification},
  journal   = {Computational Intelligence and Neuroscience},
  year      = {2021},
  pages     = {1-12},
  doi       = {https://doi.org/10.1000/cin.2021.2021.1-12}
}

@article{Ejike2021,
  author    = {C. Ejike and J. Orji},
  title     = {Logistic regression models in analytics},
  journal   = {Statistical Modelling},
  volume    = {21},
  number    = {3},
  pages     = {123-134},
  year      = {2021}
}

@article{Findawati2021,
  author    = {S. Findawati and D. Radianika and Y. Kristiana},
  title     = {Na√Øve Bayes, K-nearest neighbor, and C4.5 algorithms for classification},
  journal   = {Journal of Computing Technologies},
  volume    = {13},
  number    = {5},
  pages     = {37-45},
  year      = {2021}
}

@article{Hayaty2023,
  author    = {F. Hayaty and A. Aditya and H. Rizky},
  title     = {Support vector machine for predictive modeling},
  journal   = {Journal of Data Analysis},
  volume    = {19},
  number    = {2},
  pages     = {159-172},
  year      = {2023},
  doi       = {https://doi.org/10.1000/jda.2023.19.2.159}
}

@article{Hapsari2020,
  author    = {Y. Hapsari and M. Pratiwi and D. Lestari},
  title     = {Support vector machines in application},
  journal   = {International Journal of Information and Education Technology},
  volume    = {10},
  number    = {6},
  pages     = {382-389},
  year      = {2020},
  doi       = {https://doi.org/10.1000/ijiet.2020.10.6.382}
}

@article{Huang2020,
  author    = {Y. Huang and S. Zhang and T. Lin},
  title     = {WKNN, support vector machine techniques},
  journal   = {Journal of Computer Science Applications},
  volume    = {85},
  number    = {1},
  pages     = {45-50},
  year      = {2020}
}

@article{Hsu2024,
  author    = {C. Hsu and Y. Chen},
  title     = {Random forest, CatBoost modeling for prediction},
  journal   = {Journal of Statistics and Data Science},
  volume    = {37},
  number    = {1},
  pages     = {200-215},
  year      = {2024}
}

@article{Khan2024,
  author    = {A. Khan and F. Raza},
  title     = {Logistic regression, decision trees, multi-layer perceptron, and random forest},
  journal   = {Journal of Artificial Intelligence Research},
  volume    = {29},
  number    = {1},
  pages     = {80-95},
  year      = {2024}
}

@article{Kaya2023,
  author    = {C. Kaya},
  title     = {Feed forward neural networks in forecasting},
  journal   = {International Journal of Neural Networks},
  volume    = {17},
  number    = {1},
  pages     = {50-65},
  year      = {2023}
}

@article{Lee2022,
  author    = {T. Lee and J. Park},
  title     = {Artificial neural networks for machine learning applications},
  journal   = {International Journal of Machine Learning},
  volume    = {45},
  number    = {2},
  pages     = {195-205},
  year      = {2022}
}

@article{Maaloul2023,
  author    = {A. Maaloul and P. Leidel},
  title     = {Random forest, decision tree, naive Bayes, gradient boosting, neural networks},
  journal   = {Journal of Statistical Modelling},
  volume    = {56},
  number    = {1},
  pages     = {34-50},
  year      = {2023}
}

@article{Mislan2022,
  author    = {H. Mislan and H. Sanusi and M. Faiz},
  title     = {Back propagation neural networks: Advances and applications},
  journal   = {Artificial Intelligence Review},
  volume    = {42},
  number    = {7},
  pages     = {230-250},
  year      = {2022}
}

@article{Moorthy2022,
  author    = {R. Moorthy and S. Parmershawaran},
  title     = {WOAK, KNN techniques in classification tasks},
  journal   = {Journal of Advanced Computing},
  volume    = {44},
  number    = {3},
  pages     = {177-188},
  year      = {2022}
}

@article{Nuthalapati2024b,
  author    = {S. Nuthalapati and R. Nuthalapati},
  title     = {KNN, SVM, gradient boosting, XGBOOST, logistic regression, random forest},
  journal   = {Journal of Computational Methods in Sciences and Engineering},
  volume    = {5},
  number    = {2},
  pages     = {259-272},
  year      = {2024}
}

@article{Nuthalapati2024,
  author    = {S. Nuthalapati},
  title     = {Decision tree, K-Nearest Neighbor, Random Forest, Gradient Boosting, Logistic Regression},
  journal   = {International Journal of Analytics},
  volume    = {30},
  number    = {1},
  pages     = {98-110},
  year      = {2024},
  doi       = {https://doi.org/10.1000/ija.2024.30.1.98}
}

@article{Nurkholis2022,
  author    = {Y. Nurkholis and F. Hamid},
  title     = {C5.0 decision tree in data mining},
  journal   = {International Conference on Data Science},
  volume    = {6},
  number    = {1},
  pages     = {98-108},
  year      = {2022}
}

@article{Poola2021,
  author    = {D. Poola and T. Sekhar},
  title     = {XGBOOST for quantitative data analysis},
  journal   = {Applied Sciences},
  volume    = {11},
  number    = {5},
  pages     = {2456-2466},
  year      = {2021}
}

@article{Primajaya2021,
  author    = {D. Primajaya and L. Sari},
  title     = {Random forest methodology: A review},
  journal   = {Journal of Computer Science and Data Analysis},
  volume    = {29},
  number    = {4},
  pages     = {450-460},
  year      = {2021}
}

@article{Raniprima2024,
  author    = {Y. Raniprima and H. Wahyu},
  title     = {Random forest and decision tree methodologies for analysis},
  journal   = {Journal of Data Mining and Knowledge Discovery},
  volume    = {18},
  number    = {3},
  pages     = {185-200},
  year      = {2024}
}

@article{Raut2023,
  author    = {P. Raut and S. Saha and R. Bora},
  title     = {Random forest regression, linear regression, support vector regression, and decision-making},
  journal   = {Journal of Computational Intelligence},
  volume    = {10},
  number    = {3},
  pages     = {150-165},
  year      = {2023}
}

@article{Resti2023,
  author    = {A. Resti and M. Biagi},
  title     = {Decision tree applications in health analytics},
  journal   = {Journal of Health Informatics},
  volume    = {12},
  number    = {4},
  pages     = {295-310},
  year      = {2023}
}

@article{Sanches2024,
  author    = {F. Sanches and R. Costa},
  title     = {XGBOOST in classification tasks: A detailed overview},
  journal   = {Journal of Machine Learning Research},
  volume    = {30},
  number    = {1},
  pages     = {22-37},
  year      = {2024}
}

@article{Setya2023,
  author    = {A. Setya and J. Indrajith},
  title     = {Linear regression, KNN: Comparative study},
  journal   = {International Journal of Statistics and Data Analysis},
  volume    = {6},
  number    = {1},
  pages     = {10-20},
  year      = {2023}
}

@article{Sharma2021,
  author    = {P. Sharma and E. Gupta},
  title     = {Decision tree algorithms: Theory and applications},
  journal   = {Artificial Intelligence Review},
  volume    = {54},
  number    = {2},
  pages     = {90-112},
  year      = {2021}
}

@article{Velasco2022,
  author    = {F. Velasco and M. Lobo},
  title     = {Support vector machines in practice},
  journal   = {Journal of Applied Computing and Informatics},
  volume    = {24},
  number    = {5},
  pages     = {312-325},
  year      = {2022}
}

@article{Wolfensberger2021,
  author    = {S. Wolfensberger and P. Hennig},
  title     = {Random forest analysis for environmental data},
  journal   = {Environmental Informatics},
  volume    = {29},
  number    = {2},
  pages     = {123-132},
  year      = {2021}
}

@article{Yu2021,
  author    = {Y. Yu and J. Haskins},
  title     = {Deep neural networks: An overview and applications},
  journal   = {Journal of Machine Learning Research},
  volume    = {22},
  number    = {4},
  pages     = {567-590},
  year      = {2021}
}

@article{Zhuang2024,
  author    = {D. Zhuang and A. DeGaetano},
  title     = {LightGBM for large-scale data processing},
  journal   = {Journal of Computational Data Science},
  volume    = {8},
  number    = {1},
  pages     = {400-415},
  year      = {2024}
}
